{
  "products": [
    {
      "name": "Fjallraven - Foldsack No. 1 Backpack, Fits 15 Laptops",
      "description": "Your perfect pack for everyday use and walks in the forest. Stash your laptop (up to 15 inches) in the padded sleeve, your everyday",
      "price": "12",
      "initialStockLevel": "23",
      "id": 1
    },
    {
      "id": 2,
      "name": "Mens Casual Premium Slim Fit T-Shirts ",
      "price": 22.3,
      "description": "Slim-fitting style, contrast raglan long sleeve, three-button henley placket, light weight & soft fabric for breathable and comfortable wearing. And Solid stitched shirts with round neck made for durability and a great fit for casual fashion wear and diehard baseball fans. The Henley style round neckline includes a three-button placket.",
      "initialStockLevel": "33",
      "image": "https://fakestoreapi.com/img/71-3HjGNDUL._AC_SY879._SX._UX._SY._UY_.jpg"
    },
    {
      "name": "Mens Cotton Jacket",
      "description": "great outerwear jackets for Spring/Autumn/Winter, suitable for many occasions, such as working, hiking, camping, mountain/rock climbing, cycling, traveling or other outdoors. Good gift choice for you or your family member. A warm hearted love to Father, husband or son in this thanksgiving or Christmas Day.",
      "price": "55",
      "initialStockLevel": "43",
      "id": 3
    },
    {
      "name": "asd",
      "description": "asd",
      "price": "2",
      "initialStockLevel": "2",
      "id": 4
    }
  ],
  "orderSale": [
    {
        "data": [
          {"date": "2023-01-01", "orders": 15, "sales": 1200.50},
          {"date": "2023-01-02", "orders": 18, "sales": 1500.30},
          {"date": "2023-01-03", "orders": 21, "sales": 1800.40},
          {"date": "2023-01-04", "orders": 60, "sales": 900.20},
          {"date": "2023-01-05", "orders": 72, "sales": 2000.50},
          {"date": "2023-01-06", "orders": 35, "sales": 2300.50},
          {"date": "2023-01-07", "orders": 98, "sales": 1500.30},
          {"date": "2023-01-08", "orders": 8, "sales":  2600.40},
          {"date": "2023-01-09", "orders": 30, "sales": 1300.20},
          {"date": "2023-01-10", "orders": 40, "sales": 1450.50},
          {"date": "2023-01-11", "orders": 15, "sales": 2300.50},
          {"date": "2023-01-12", "orders": 18, "sales": 1500.30},
          {"date": "2023-01-13", "orders": 20, "sales": 1800.40},
          {"date": "2023-01-14", "orders": 110, "sales": 900.20},
          {"date": "2023-01-15", "orders": 23, "sales": 3000.50},
          {"date": "2023-01-11", "orders": 150, "sales": 2200.50},
          {"date": "2023-01-16", "orders": 222, "sales": 1500.30},
          {"date": "2023-01-17", "orders": 66, "sales": 1800.40},
          {"date": "2023-01-18", "orders": 100, "sales": 900.20},
          {"date": "2023-01-19", "orders": 99, "sales": 2000.50},
          {"date": "2023-01-21", "orders": 200, "sales": 1200.50},
          {"date": "2023-01-22", "orders": 88, "sales": 1500.30},
          {"date": "2023-01-23", "orders": 89, "sales": 1800.40},
          {"date": "2023-01-24", "orders": 300, "sales": 900.20},
          {"date": "2023-01-26", "orders": 33, "sales": 2000.50},
          {"date": "2023-01-27", "orders": 11, "sales": 1200.50},
          {"date": "2023-01-28", "orders": 18, "sales": 1500.30},
          {"date": "2023-01-29", "orders": 20, "sales": 1800.40},
          {"date": "2023-01-30", "orders": 10, "sales": 900.20},
          {"date": "2023-01-31", "orders": 22, "sales": 2000.50},

          {"date": "2023-02-01", "orders": 15, "sales": 1200.50},
          {"date": "2023-02-02", "orders": 18, "sales": 1500.30},
          {"date": "2023-02-03", "orders": 21, "sales": 1800.40},
          {"date": "2023-02-04", "orders": 60, "sales": 900.20},
          {"date": "2023-02-05", "orders": 72, "sales": 2000.50},
          {"date": "2023-02-06", "orders": 35, "sales": 2300.50},
          {"date": "2023-02-07", "orders": 98, "sales": 1500.30},
          {"date": "2023-02-08", "orders": 8, "sales":  2600.40},
          {"date": "2023-02-09", "orders": 30, "sales": 1300.20},
          {"date": "2023-02-10", "orders": 40, "sales": 1450.50},
          {"date": "2023-02-11", "orders": 15, "sales": 2300.50},
          {"date": "2023-02-12", "orders": 18, "sales": 1500.30},
          {"date": "2023-02-13", "orders": 20, "sales": 1800.40},
          {"date": "2023-02-14", "orders": 110, "sales": 900.20},
          {"date": "2023-02-15", "orders": 23, "sales": 3000.50},
          {"date": "2023-02-11", "orders": 150, "sales": 2200.50},
          {"date": "2023-02-16", "orders": 222, "sales": 1500.30},
          {"date": "2023-02-17", "orders": 66, "sales": 1800.40},
          {"date": "2023-02-18", "orders": 100, "sales": 900.20},
          {"date": "2023-02-19", "orders": 99, "sales": 2000.50},
          {"date": "2023-02-21", "orders": 200, "sales": 1200.50},
          {"date": "2023-02-22", "orders": 88, "sales": 1500.30},
          {"date": "2023-02-23", "orders": 89, "sales": 1800.40},
          {"date": "2023-02-24", "orders": 300, "sales": 900.20},
          {"date": "2023-02-26", "orders": 33, "sales": 2000.50},
          {"date": "2023-02-27", "orders": 11, "sales": 1200.50},
          {"date": "2023-02-28", "orders": 18, "sales": 1500.30},

          {"date": "2023-03-01", "orders": 15, "sales": 1200.50},
          {"date": "2023-03-02", "orders": 18, "sales": 1500.30},
          {"date": "2023-03-03", "orders": 21, "sales": 1800.40},
          {"date": "2023-03-04", "orders": 60, "sales": 900.20},
          {"date": "2023-03-05", "orders": 72, "sales": 2000.50},
          {"date": "2023-03-06", "orders": 35, "sales": 2300.50},
          {"date": "2023-03-07", "orders": 98, "sales": 1500.30},
          {"date": "2023-03-08", "orders": 8, "sales":  2600.40},
          {"date": "2023-03-09", "orders": 30, "sales": 1300.20},
          {"date": "2023-03-10", "orders": 40, "sales": 1450.50},
          {"date": "2023-03-11", "orders": 15, "sales": 2300.50},
          {"date": "2023-03-12", "orders": 18, "sales": 1500.30},
          {"date": "2023-03-13", "orders": 20, "sales": 1800.40},
          {"date": "2023-03-14", "orders": 110, "sales": 900.20},
          {"date": "2023-03-15", "orders": 23, "sales": 3000.50},
          {"date": "2023-03-11", "orders": 150, "sales": 2200.50},
          {"date": "2023-03-16", "orders": 222, "sales": 1500.30},
          {"date": "2023-03-17", "orders": 66, "sales": 1800.40},
          {"date": "2023-03-18", "orders": 100, "sales": 900.20},
          {"date": "2023-03-19", "orders": 99, "sales": 2000.50},
          {"date": "2023-03-21", "orders": 200, "sales": 1200.50},
          {"date": "2023-03-22", "orders": 88, "sales": 1500.30},
          {"date": "2023-03-23", "orders": 89, "sales": 1800.40},
          {"date": "2023-03-24", "orders": 300, "sales": 900.20},
          {"date": "2023-03-26", "orders": 33, "sales": 2000.50},
          {"date": "2023-03-27", "orders": 11, "sales": 1200.50},
          {"date": "2023-03-28", "orders": 18, "sales": 1500.30},
          {"date": "2023-03-29", "orders": 20, "sales": 1800.40},
          {"date": "2023-03-30", "orders": 10, "sales": 900.20},
          {"date": "2023-03-31", "orders": 22, "sales": 2000.50}
 
        ]
      }
      
  ],
  "profile": {
    "name": "typicode"
  }
}